@book{lakersansen,
    author    = "Laker, Sansen,",
    title     = "Design of Analog Integrated Circuits and Systems",
    address  = "McGraw-Hill",
    edition  = "5 edition",
    year      = "1994"
}

@book{Grayhurst,
    author    = "Gray, Hurst, Lewis, Meyer",
    title     = "Analysis and Design of Analog Integrated Circuits",
    address  = "Wiley",
    edition  = "5 edition",
    year      = "2010"
}

@Book{rad_phys,
 author    = "Tor F. Thorsteinsen",
 title     = "Kompendium i Straalingsfysikk - FYS231/233",
 publisher = "University of Bergen",
 year      =  "1995",
 address   = "Bergen"
}

@book{georgios,
 author    = "Georgios Karolos Tsiledakis",
 title     = "Scale Dependence of Mean Transverse Momentum Fluctuations at Top SPS Energy measured by the CERES experiment and studies of gas properties for the ALICE experiment. PhD thesis",
 publisher = "Technische Universitat Darmstadt",
 address   = "Darmstadt",
 year      =  "2006"
}

@Book{CMOS,
 author    = "Neil H. E. Weste, David M. Harris",
 title     = "CMOS VLSI Design - A Circuit and System Perspective",
 publisher = "Addison-Wesley",
 edition   = "4 edition",
 year      = "2011"
}

@Book{knoll,
 author    = "Glenn F. Knoll",
 title     = "Radiation Detector and Measurement",
 publisher = "John Wiley and Sons",
 edition   = "3 edition",
 year      = "2000"
}

@Book{balashov,
 author    = "V.V. Balashov",
 title     = "Interaction of particles and Radiation with Matter",
 publisher = "Springel-Verlag",
 year      = "1997"
}

@phdthesis{roed_doctor,
 author    = "Ketil Roeed",
 title     = "Single Event Upsets in SRAM FPGA based readout electronics for the Time Projection Chamber in the ALICE experiment",
 school    = "University of Bergen",
 address   = "Norway",
 year      =  "2009"
}

@mastersthesis{roed_master,
 author    = "Ketil Roeed",
 title     = "Irradiation tests of ALTERA SRAM-based FPGAs",
 school    = "University of Bergen",
 address   = "Norway",
 year      =  "2004"
}

@mastersthesis{Roscoe_master,
 author    = "Magnus Lode Roscoe",
 title     = "Technical Benchmarking of Detectors Module Components for ESA's ASIM Mission",
 school    = "University of Bergen",
 address   = "Norway",
 year      =  "2011"
}

@mastersthesis{arild_master,
 author    = "Arild Velure",
 title     = "Design, implementation and testing of SRAM based neutron detectors",
 school    = "University of Bergen",
 address   = "Norway",
 year      =  "20011"
}

@mastersthesis{bjorn_master,
 author    = "Bjoern Halvor Straume",
 title     = "Straalingstester og utvikling av bestraalingsposedyre for ALICE TPC-elektronikken",
 school    = "University of Bergen",
 address   = "Norway",
 year      =  "2006"
}

@misc{website:DAQ,
      author = "National Instruments Corporation",
      title = "USER GUIDE AND SPECIFICATIONS NI USB-6008/6009",
      Month = "April",
      year = "2014",
      note = "\url{http://www.ni.com/pdf/manuals/371303m.pdf}"
}

@misc{website:TSL,
      author = "Uppsala University",
      title = "Information about TSL",
      Month = "April",
      year = "2014",
      note = "\url{http://www.tsl.uu.se/About_TSL/}"
}

@misc{website:TPS51200,
      author = "Texas Instruments",
      title = "TPS51200 - SINK/SOURCE DDR TERMINATION REGULATOR",
      Month = "February",
      year = "2008",
      note = "\url{http://www.ti.com/lit/ds/slus812/slus812.pdf}"
}

@misc{website:MIC69302WU,
      author = "Micrel Incorporated",
      title = "MIC69301/2/3 - Single Supply V\_IN, Low V\_IN, Low V\_OUT, 3A LDO ",
      Month = "March",
      year = "2011",
      note = "\url{http://www.micrel.com/_PDF/mic69300.pdf}"
}

@misc{website:SN74AVCB164245,
      author = "Texas Instruments",
      title = "SN74AVCB164245 - 16-BIT DUAL-SUPPLY BUS TRANSCEIVER WITH CONFIGURABLE VOLTAGE TRANSLATION AND 3-STATE OUTPUTS",
      Month = "June",
      year = "2005",
      note = "\url{http://www.ti.com/lit/ds/symlink/sn74avcb164245.pdf}"
}

@misc{website:SN74AVC2T245,
      author = "Texas Instruments",
      title = "SN74AVC2T245 - DUAL-BIT DUAL-SUPPLY BUS TRANSCEIVER WITH CONFIGURABLE VOLTAGE TRANSLATION AND 3-STATE OUTPUTS",
      Month = "May",
      year = "2012",
      note = "\url{http://www.ti.com/lit/ds/sces692a/sces692a.pdf}"
}

@misc{website:QS3VH257,
      author = "Integrated Device Technology",
      title = "QS3VH257 - 3.3V Quad 2:1 Mux/Demux for Hot Swap Applications",
      Month = "February",
      year = "2014",
      note = "\url{http://www.idt.com/document/dst/qs3vh257-datasheet}"
}

@misc{website:SY89831U,
      author = "Micrel, Incorporated",
      title = "SY89831U - Ultra-Precision 1:4 LVPECL Fanout Buffer/Translator with Internal Termination Precision Edge",
      Month = "January",
      year = "2014",
      note = "\url{http://www.micrel.com/_PDF/HBW/sy89831u.pdf}"
}

@misc{website:INA21x,
      author = "Texas Instruments",
      title = "INA21x - Voltage Output, High or Low Side Measurement, Bi-Directional Zero-Drift Series Current-Shunt Monitor",
      Month = "June",
      year = "2013",
      note = "\url{http://www.ti.com/lit/ds/symlink/ina213.pdf}"
}

@misc{website:TLV3011,
      author = "Texas Instruments",
      title = "TLV3011 - Nanopower, 1.8V, SOT23 Comparator with Voltage Reference",
      Month = "June",
      year = "2013",
      note = "\url{http://www.ti.com/lit/ds/sbos300b/sbos300b.pdf}"
}

@misc{website:ADN2814,
      author = "Analog Devices",
      title = "ADN2814 - Continuous Rate 10 Mb/s to 675 Mb/s Clock and  Data Recovery IC with Integrated Limiting Amp",
      Month = "Mars",
      year = "2012",
      note = "\url{http://www.analog.com/static/imported-files/data_sheets/ADN2814.pdf}"
}

@misc{website:MAX3748,
      author = "Maxim Integrated",
      title = "MAX3748 - Compact 155Mbps to 4.25Gbps Limiting Amplifier",
      Month = "June",
      year = "2013",
      note = "\url{http://datasheets.maximintegrated.com/en/ds/MAX3748.pdf}"
}

@misc{website:NASA,
      author = "NASA",
      title = "Single Event Effect Criticality Analysis",
      Month = "February",
      year = "1996",
      note = "\url{http://radhome.gsfc.nasa.gov/radhome/papers/seeca1.htm}"
}

@misc{website:Faccio,
      author = "F. Faccio",
      title = "Radiation effects in the electronics for CMS",
      note = "\url{http://lhcb-elec.web.cern.ch/lhcb-elec/papers/radiation_tutorial.pdf}"
}

@misc{website:CERN_accelerators,
      title  = "CERN accelerators",
      author = "CERN",
      note   = "\url{http://cds.cern.ch/record/42384}"
}

@misc{website:SF2_datasheet,
      title = "SmartFusion2 Product Brief",
      author= "microsemi",
      note = "\url{http://www.microsemi.com/document-portal/doc_download/132721-smartfusion2-product-brief}",
      year = "2014"
}

@misc{website:energyloss_calculator,
      title  = "Energy loss calculator",
      author = "Stefano Meroli",
      note   = "\url{http://meroli.web.cern.ch/meroli/EnergyLossCalculation.html}",
      year   = "2014"
}

@misc{website:aliceinfo,
      author = "F. Faccio",
      title = "ALICE information site",
      note = "\url{http://aliceinfo.cern.ch/}"
}

@misc{website:FLUKA,
      author = "FLUKA Team",
      title = "A quick look at FLUKA's physics, structure and capabilities",
      note = "\url{http://www.fluka.org/fluka.php?id=faq&sub=13}"
}

@misc{website:IBERT,
      author = "Xilinx Inc.",
      title = "ChipScope Pro IBERT for Virtex-7 GTX ",
      note = "\url{http://www.xilinx.com/products/intellectual-property/chipscope_ibert_virtex7_gtx.htm}"
}


@article{GranlundOlsson,
 author    = "Thomas Granlund and Nils Olsson",
 title     = "A Comparative Study Between Proton and Neutron Induced SEU in SRAMs",
 IEEE 	   = "TRANSACTIONS ON NUCLEAR SCIENCE",
 year      =  "2006"
}

@article{radiation_alice,
 author    = "A. Morsch and B. Pastirak",
 title     = "Radiation in ALICE detectors and electronic racks",
 IEEE 	   = "ALICE-INT-2002-28",
 year      =  "2004"
}


@article{radiation_run2,
 author    = "K. Safaik",
 title     = "Overview of recent ALICE results",
 IEEE 	   = "Nucl Phys. A 904",
 year      =  "2013"
}
@article{Baumann, 
author = "Baumann, R.C.", 
journal = "Device and Materials Reliability, IEEE Transactions on", 
title = "Radiation-induced soft errors in advanced semiconductor technologies", 
year = "2005", 
month = "Sept", 
volume = "5", 
number = "3", 
pages = "305-316", 
keywords = "alpha-particle effects;failure analysis;integrated circuit reliability;radiation hardening (electronics);semiconductor device reliability;semiconductor technology;commercial electronic components;failure modes;logic components;memory components;radiation effects;radiation induced charge;radiation mechanisms;reliability mechanisms;semiconductor technologies;soft error sensitivity;soft errors;technology scaling;Circuits;Computer errors;Control systems;Error correction;Field programmable gate arrays;Paper technology;Radiation effects;Registers;Single event upset;Space technology;Radiation effects;reliability;single-event effects;soft errors", 
doi = "10.1109/TDMR.2005.853449", 
ISSN = "1530-4388"
}

@article{Safarik, 
author = "Safarik, Karel", 
journal = "Nuclear Physics A", 
title = "Overview of Recent ALICE Results", 
year = "2013", 
month = "May", 
volume = "904", 
pages = "27C-34C",
address = "CERN, Geneva",
}

@article{Oldham,
author = "T.R Oldham, F.B McLean",
journal = "IEEE TRANSACTIONS ON NUCLEAR SCIENCE",
title = "Total ionizing dose effects in MOS oxides and devices",
year = "2003",
doi = "10.1109/TNS.2003.812927 ",
ISSN = "2622-2629"
}

@article{Berg,
author = "Melanie Berg",
title  = "Field Programmable Gate Array (FPGA) Single Event Effect (SEE) Radiation Testing",
month  =  "February", 
year   = "2012"
}

@article{RCU2,
Author = "Alme, J. and Alt, T. and Bratrud, L. and Christiansen, P. and Costa, F.
   and David, E. and Gunji, T. and Kiss, T. and Langoy, R. and Lien, J. and
   Lippmann, C. and Oskarsson, A. and Rehman, A. Ur and Roed, K. and
   Rohrich, D. and Tarantola, A. and Torgersen, C. and Torsvik, I. Nikolai
   and Ullaland, K. and Velure, A. and Yang, S. and Zhao, C. and
   Appelshaeuser, H. and Osterman, L. and ALICE TPC Collaboration",
Title = "RCU2-The ALICE TPC readout electronics consolidation for Run2",
Journal = "JOURNAL OF INSTRUMENTATION",
Year = "2013",
Volume = "8",
Month = "DEC",
Note = "Topical Workshop on Electronics for Particle Physics, Perugia, ITALY,
   SEP 23-27, 2013",
Article-Number = "C12032",
ISSN = "1748-0221",
Unique-ID = "ISI:000329910500032",
}

@article{ALICE,
Author = "Aamodt, K. and Quintana, A. Abrahantes and Achenbach, R. and Acounis, S.
   and Adamova, D. and Adler, C. and the rest of the ALICE Collaboration",
Title = "The ALICE experiment at the CERN LHC",
Journal = "JOURNAL OF INSTRUMENTATION",
Year = "2008",
Volume = "3",
Month = "AUG",
DOI = "10.1088/1748-0221/3/08/S08002",
Article-Number = "S08002",
ISSN = "1748-0221",
Unique-ID = "ISI:000258875900009",
}

@article{ ISI:000248251400079,
Author = "Musa, L. and ALICE TPC Collaboration",
Title = "Commissioning of the ALICE TPC",
Journal = "JOURNAL OF PHYSICS G-NUCLEAR AND PARTICLE PHYSICS",
Year = "2007",
Volume = "34",
Number = "8, SI",
Pages = "S705-S708",
Month = "AUG",
Note = "19th International Conference on Ultra-Relativistic Necleus-Nucleus Collisions, Shanghai, PEOPLES R CHINA, NOV 14-20, 2006",
Organization = "Shanghai Inst Appl Phys; Chinese Acad Sci; Cent China Normal Univ",
ISSN = "0954-3899",
Unique-ID = "ISI:000248251400079",
}

@inproceedings{Carmen,
Type = "Conference Paper",
Title = "The ALICE TPC readout control unit",
Author = "Gutierrez, C.G. and Campagnolo, R. and Junique, A. and Musa, L. and
   Alme, J. and Lien, J. and Pommersche, B. and Richter, M. and Roed, K.
   and Rohrich, D. and Ullaland, K. and Alt, T.",
Booktitle = "2005 IEEE Nuclear Science Symposium Conference Record (IEEE Cat.No.05CH37692C)",
Year = "2006",
Pages = "575-9",
Note = "2005 IEEE Nuclear Science Symposium Conference Record, 23-29 Oct. 2005, Fajardo, Puerto Rico",
ISBN = "0-7803-9221-3",
Unique-ID = "INSPEC:9060811",
}

@inproceedings{ ALICE_havy-ion-experiment,
Type = "Conference Paper, Journal Paper",
Title = "ALICE: the heavy-ion experiment at the CERN/LHC",
Author = "Graczykowski, L.",
Booktitle = "Proceedings of the SPIE - The International Society for Optical Engineering",
Year = "2013",
Pages = "89031Z (7 pp.)",
Publisher = "SPIE - The International Society for Optical Engineering",
Address = "USA",
ISSN = "0277-786X",
Unique-ID = "INSPEC:14034070",
}
